
@Article{Anderson2014,
  Title                    = {{Probing the bright radio flare and afterglow of GRB 130427A with the Arcminute Microkelvin Imager}},
  Author                   = {{Anderson}, G.~E. and {van der Horst}, A.~J. and {Staley}, T.~D. and {Fender}, R.~P. and {Wijers}, R.~A.~M.~J. and {Scaife}, A.~M.~M. and {Rumsey}, C. and {Titterington}, D.~J. and {Rowlinson}, A. and {Saunders}, R.~D.~E.},
  Journal                  = {MNRAS},
  Year                     = {2014},

  Month                    = may,
  Pages                    = {2059-2065},
  Volume                   = {440},

  Adsnote                  = {Provided by the SAO/NASA Astrophysics Data System},
  Adsurl                   = {http://adsabs.harvard.edu/abs/2014MNRAS.440.2059A},
  Archiveprefix            = {arXiv},
  Doi                      = {10.1093/mnras/stu478},
  Eprint                   = {1403.2217},
  Keywords                 = {gamma-ray burst: individual: GRB 130427A, radio continuum: stars},
  Owner                    = {ts3e11},
  Primaryclass             = {astro-ph.HE},
  Timestamp                = {2014.11.25}
}

@Misc{AssociatedUniversities1999,
  Title                    = {{AIPS: Astronomical Image Processing System}},

  Author                   = {{Associated Universities}, I.},
  HowPublished             = {Astrophysics Source Code Library},
  Month                    = nov,
  Year                     = {1999},

  Adsnote                  = {Provided by the SAO/NASA Astrophysics Data System},
  Adsurl                   = {http://adsabs.harvard.edu/abs/1999ascl.soft11003A},
  Archiveprefix            = {ascl},
  Eprint                   = {9911.003},
  Owner                    = {ts3e11},
  Timestamp                = {2014.11.24}
}

@Article{Astropy2013,
  Title                    = {{Astropy: A community Python package for astronomy}},
  Author                   = {{Astropy Collaboration} and {Robitaille}, T.~P. and {Tollerud}, E.~J. and {Greenfield}, P. and {Droettboom}, M. and {Bray}, E. and {Aldcroft}, T. and {Davis}, M. and {Ginsburg}, A. and {Price-Whelan}, A.~M. and {Kerzendorf}, W.~E. and {Conley}, A. and {Crighton}, N. and {Barbary}, K. and {Muna}, D. and {Ferguson}, H. and {Grollier}, F. and {Parikh}, M.~M. and {Nair}, P.~H. and {Unther}, H.~M. and {Deil}, C. and {Woillez}, J. and {Conseil}, S. and {Kramer}, R. and {Turner}, J.~E.~H. and {Singer}, L. and {Fox}, R. and {Weaver}, B.~A. and {Zabalza}, V. and {Edwards}, Z.~I. and {Azalee Bostroem}, K. and {Burke}, D.~J. and {Casey}, A.~R. and {Crawford}, S.~M. and {Dencheva}, N. and {Ely}, J. and {Jenness}, T. and {Labrie}, K. and {Lim}, P.~L. and {Pierfederici}, F. and {Pontzen}, A. and {Ptak}, A. and {Refsdal}, B. and {Servillat}, M. and {Streicher}, O.},
  Journal                  = {Astronomy and Astrophysics},
  Year                     = {2013},

  Month                    = oct,
  Pages                    = {A33},
  Volume                   = {558},

  Adsnote                  = {Provided by the SAO/NASA Astrophysics Data System},
  Adsurl                   = {http://adsabs.harvard.edu/abs/2013A%26A...558A..33A},
  Archiveprefix            = {arXiv},
  Doi                      = {10.1051/0004-6361/201322068},
  Eid                      = {A33},
  Eprint                   = {1307.6212},
  Keywords                 = {methods: data analysis, methods: miscellaneous, virtual observatory tools},
  Primaryclass             = {astro-ph.IM}
}

@Article{Burlon2015,
  Title                    = {{The SKA view of Gamma-ray Bursts}},
  Author                   = {{Burlon}, D. and {Ghirlanda}, G. and {van der Horst}, A. and {Murphy}, T. and {Wijers}, R. and {Gaensler}, B. and {Ghisellini}, G. and {Prandoni}, I.},
  Journal                  = {ArXiv e-prints},
  Year                     = {2015},

  Month                    = jan,

  Adsnote                  = {Provided by the SAO/NASA Astrophysics Data System},
  Adsurl                   = {http://adsabs.harvard.edu/abs/2015arXiv150104629B},
  Archiveprefix            = {arXiv},
  Eprint                   = {1501.04629},
  Keywords                 = {Astrophysics - High Energy Astrophysical Phenomena},
  Primaryclass             = {astro-ph.HE}
}

@Article{Clark1980,
  Title                    = {{An efficient implementation of the algorithm 'CLEAN'}},
  Author                   = {{Clark}, B.~G.},
  Journal                  = {aap},
  Year                     = {1980},

  Month                    = sep,
  Pages                    = {377},
  Volume                   = {89},

  Adsnote                  = {Provided by the SAO/NASA Astrophysics Data System},
  Adsurl                   = {http://ukads.nottingham.ac.uk/abs/1980A%26A....89..377C},
  Keywords                 = {Algorithms, Data Processing, Image Processing, Radio Astronomy, Run Time (Computers), Astronomical Photography, Computer Techniques, Fast Fourier Transformations, Iterative Solution, Very Large Array (Vla)}
}

@Article{Corbel2015,
  Title                    = {{Incoherent transient radio emission from stellar-mass compact objects in the SKA era}},
  Author                   = {{Corbel}, S. and {Miller-Jones}, J.~C.~A. and {Fender}, R.~P. and {Gallo}, E. and {Maccarone}, T.~J. and {O'Brien}, T.~J. and {Paragi}, Z. and {Rupen}, M.~P. and {Rushton}, A.~P. and {Sabatini}, S. and {Sivakoff}, G.~R. and {Strader}, J. and {Woudt}, P.~A.},
  Journal                  = {ArXiv e-prints},
  Year                     = {2015},

  Month                    = jan,

  Adsnote                  = {Provided by the SAO/NASA Astrophysics Data System},
  Adsurl                   = {http://adsabs.harvard.edu/abs/2015arXiv150104716C},
  Archiveprefix            = {arXiv},
  Eprint                   = {1501.04716},
  Keywords                 = {Astrophysics - High Energy Astrophysical Phenomena},
  Primaryclass             = {astro-ph.HE}
}

@Misc{Cotton2013,
  Title                    = {{Obit: Radio Astronomy Data Handling}},

  Author                   = {{Cotton}, B.},
  HowPublished             = {Astrophysics Source Code Library, record ascl:1307.008},
  Month                    = jul,
  Year                     = {2013},

  Adsnote                  = {Provided by the SAO/NASA Astrophysics Data System},
  Adsurl                   = {http://adsabs.harvard.edu/abs/2013ascl.soft07008C},
  Archiveprefix            = {ascl},
  Eprint                   = {1307.008},
  Url                      = {http://ascl.net/1307.008}
}

@Article{Cotton2008,
  Title                    = {{Obit: A Development Environment for Astronomical Algorithms}},
  Author                   = {{Cotton}, W.~D.},
  Journal                  = {PASP},
  Year                     = {2008},

  Month                    = apr,
  Pages                    = {439-448},
  Volume                   = {120},

  Adsnote                  = {Provided by the SAO/NASA Astrophysics Data System},
  Adsurl                   = {http://ukads.nottingham.ac.uk/abs/2008PASP..120..439C},
  Doi                      = {10.1086/586754},
  Keywords                 = {Data Analysis and Techniques},
  Owner                    = {ts3e11},
  Timestamp                = {2014.11.20}
}

@Article{Davies2009,
  Title                    = {{Follow-up observations at 16 and 33GHz of extragalactic sources from WMAP 3-yr data: I - Spectral properties}},
  Author                   = {{Davies}, M.~L. and {Franzen}, T.~M.~O. and {Davies}, R.~D. and {Davis}, R.~J. and {Feroz}, F. and {G{\'e}nova-Santos}, R. and {Grainge}, K.~J.~B. and {Green}, D.~A. and {Hobson}, M.~P. and {Hurley-Walker}, N. and {Lasenby}, A.~N. and {L{\'o}pez-Caniego}, M. and {Olamaie}, M. and {Padilla-Torres}, C.~P. and {Pooley}, G.~G. and {Rebolo}, R. and {Rodr{\'{\i}}guez-Gonz{\'a}lvez}, C. and {Saunders}, R.~D.~E. and {Scaife}, A.~M.~M. and {Scott}, P.~F. and {Shimwell}, T.~W. and {Titterington}, D.~J. and {Waldram}, E.~M. and {Watson}, R.~A. and {Zwart}, J.~T.~L.},
  Journal                  = {MNRAS},
  Year                     = {2009},

  Month                    = dec,
  Pages                    = {984-994},
  Volume                   = {400},

  Adsnote                  = {Provided by the SAO/NASA Astrophysics Data System},
  Adsurl                   = {http://ukads.nottingham.ac.uk/abs/2009MNRAS.400..984D},
  Archiveprefix            = {arXiv},
  Doi                      = {10.1111/j.1365-2966.2009.15518.x},
  Eprint                   = {0907.3707},
  Keywords                 = {galaxies: active , cosmic macrowave background , cosmology: observations , radio continuum: general},
  Owner                    = {ts3e11},
  Primaryclass             = {astro-ph.CO},
  Timestamp                = {2014.11.28}
}

@Article{Fender2015,
  Title                    = {{A prompt radio transient associated with a gamma-ray superflare from the young M dwarf binary DG CVn}},
  Author                   = {{Fender}, R.~P. and {Anderson}, G.~E. and {Osten}, R. and {Staley}, T. and {Rumsey}, C. and {Grainge}, K. and {Saunders}, R.~D.~E.},
  Journal                  = {MNRAS},
  Year                     = {2015},

  Month                    = jan,
  Pages                    = {L66-L70},
  Volume                   = {446},

  Adsnote                  = {Provided by the SAO/NASA Astrophysics Data System},
  Adsurl                   = {http://adsabs.harvard.edu/abs/2015MNRAS.446L..66F},
  Archiveprefix            = {arXiv},
  Doi                      = {10.1093/mnrasl/slu165},
  Eprint                   = {1410.1545},
  Keywords                 = {Acceleration of particles, telescopes, stars: flare, radio continuum: stars, X-rays: stars},
  Owner                    = {ts3e11},
  Primaryclass             = {astro-ph.HE},
  Timestamp                = {2014.11.25}
}

@Article{Fomalont1981,
  Title                    = {{Astronomical Image Processing System / AIPS}},
  Author                   = {{Fomalont}, E.},
  Journal                  = {National Radio Astronomy Observatory Newsletter},
  Year                     = {1981},
  Pages                    = {3},
  Volume                   = {3},

  Adsnote                  = {Provided by the SAO/NASA Astrophysics Data System},
  Adsurl                   = {http://ukads.nottingham.ac.uk/abs/1981NRAON...3....3F},
  Owner                    = {ts3e11},
  Timestamp                = {2014.11.24}
}

@Article{Hogbom1974,
  Title                    = {{Aperture Synthesis with a Non-Regular Distribution of Interferometer Baselines}},
  Author                   = {{H{\"o}gbom}, J.~A.},
  Journal                  = {aaps},
  Year                     = {1974},

  Month                    = jun,
  Pages                    = {417},
  Volume                   = {15},

  Adsnote                  = {Provided by the SAO/NASA Astrophysics Data System},
  Adsurl                   = {http://ukads.nottingham.ac.uk/abs/1974A%26AS...15..417H}
}

@Article{Hunter2007,
  Title                    = {Matplotlib: A 2D graphics environment},
  Author                   = {Hunter, J. D.},
  Journal                  = {Computing In Science \& Engineering},
  Year                     = {2007},
  Number                   = {3},
  Pages                    = {90--95},
  Volume                   = {9},

  Owner                    = {ts3e11},
  Publisher                = {IEEE COMPUTER SOC},
  Timestamp                = {2014.11.20}
}

@Article{2008ExA....22..151J,
  Title                    = {{Science with ASKAP. The Australian square-kilometre-array pathfinder}},
  Author                   = {{Johnston}, S. and {Taylor}, R. and {Bailes}, M. and {Bartel}, N. and {Baugh}, C. and {Bietenholz}, M. and {Blake}, C. and {Braun}, R. and {Brown}, J. and {Chatterjee}, S. and {Darling}, J. and {Deller}, A. and {Dodson}, R. and {Edwards}, P. and {Ekers}, R. and {Ellingsen}, S. and {Feain}, I. and {Gaensler}, B. and {Haverkorn}, M. and {Hobbs}, G. and {Hopkins}, A. and {Jackson}, C. and {James}, C. and {Joncas}, G. and {Kaspi}, V. and {Kilborn}, V. and {Koribalski}, B. and {Kothes}, R. and {Landecker}, T. and {Lenc}, A. and {Lovell}, J. and {Macquart}, J.-P. and {Manchester}, R. and {Matthews}, D. and {McClure-Griffiths}, N. and {Norris}, R. and {Pen}, U.-L. and {Phillips}, C. and {Power}, C. and {Protheroe}, R. and {Sadler}, E. and {Schmidt}, B. and {Stairs}, I. and {Staveley-Smith}, L. and {Stil}, J. and {Tingay}, S. and {Tzioumis}, A. and {Walker}, M. and {Wall}, J. and {Wolleben}, M.},
  Journal                  = {Experimental Astronomy},
  Year                     = {2008},

  Month                    = dec,
  Pages                    = {151-273},
  Volume                   = {22},

  Adsnote                  = {Provided by the SAO/NASA Astrophysics Data System},
  Adsurl                   = {http://ukads.nottingham.ac.uk/abs/2008ExA....22..151J},
  Archiveprefix            = {arXiv},
  Doi                      = {10.1007/s10686-008-9124-7},
  Eprint                   = {0810.5187},
  Keywords                 = {Radio astronomy techniques, Radio telescopes, Square kilometre array, Very long baseline interferometry, Extragalactic HI, Radio continuum surveys, Cosmological evolution, Galaxy formation, Star formation, Rotation measure, Extragalactic radio source polarization, Galactic structure, Galactic magnetic field, Magellenic clouds, Pulsars, Radio transient sources, Gamma-ray bursters, Intra-day variability}
}

@Misc{Kettenis2012,
  Title                    = {{ParselTongue: AIPS Python Interface}},

  Author                   = {{Kettenis}, M. and {Sipior}, M.},
  HowPublished             = {Astrophysics Source Code Library, record ascl:1208.020},
  Month                    = aug,
  Year                     = {2012},

  Adsnote                  = {Provided by the SAO/NASA Astrophysics Data System},
  Adsurl                   = {http://adsabs.harvard.edu/abs/2012ascl.soft08020K},
  Archiveprefix            = {ascl},
  Eprint                   = {1208.020},
  Url                      = {http://ascl.net/1208.020}
}

@InProceedings{Kettenis2006,
  Title                    = {{ParselTongue: AIPS Talking Python}},
  Author                   = {{Kettenis}, M. and {van Langevelde}, H.~J. and {Reynolds}, C. and {Cotton}, B.},
  Booktitle                = {Astronomical Data Analysis Software and Systems XV},
  Year                     = {2006},
  Editor                   = {{Gabriel}, C. and {Arviset}, C. and {Ponz}, D. and {Enrique}, S. },
  Month                    = jul,
  Pages                    = {497},
  Series                   = {Astronomical Society of the Pacific Conference Series},
  Volume                   = {351},

  Adsnote                  = {Provided by the SAO/NASA Astrophysics Data System},
  Adsurl                   = {http://adsabs.harvard.edu/abs/2006ASPC..351..497K}
}

@Article{Macquart2015,
  Title                    = {{Fast Transients at Cosmological Distances with the SKA}},
  Author                   = {{Macquart}, J.-P. and {Keane}, E. and {Grainge}, K. and {McQuinn}, M. and {Fender}, R.~P. and {Hessels}, J. and {Deller}, A. and {Bhat}, R. and {Breton}, R. and {Chatterjee}, S. and {Law}, C. and {Lorimer}, D. and {Ofek}, E.~O. and {Pietka}, M. and {Spitler}, L. and {Stappers}, B. and {Trott}, C.},
  Journal                  = {ArXiv e-prints},
  Year                     = {2015},

  Month                    = jan,

  Adsnote                  = {Provided by the SAO/NASA Astrophysics Data System},
  Adsurl                   = {http://adsabs.harvard.edu/abs/2015arXiv150107535M},
  Archiveprefix            = {arXiv},
  Eprint                   = {1501.07535},
  Keywords                 = {Astrophysics - High Energy Astrophysical Phenomena, Astrophysics - Cosmology and Nongalactic Astrophysics},
  Primaryclass             = {astro-ph.HE}
}

@InProceedings{McMullin2007,
  Title                    = {{CASA Architecture and Applications}},
  Author                   = {{McMullin}, J.~P. and {Waters}, B. and {Schiebel}, D. and {Young}, W. and {Golap}, K.},
  Booktitle                = {Astronomical Data Analysis Software and Systems XVI},
  Year                     = {2007},
  Editor                   = {{Shaw}, R.~A. and {Hill}, F. and {Bell}, D.~J.},
  Month                    = oct,
  Pages                    = {127},
  Series                   = {Astronomical Society of the Pacific Conference Series},
  Volume                   = {376},

  __markedentry            = {[staley:]},
  Adsnote                  = {Provided by the SAO/NASA Astrophysics Data System},
  Adsurl                   = {http://ukads.nottingham.ac.uk/abs/2007ASPC..376..127M},
  Owner                    = {staley},
  Timestamp                = {2014.12.04}
}

@MISC{Casa2011,
   author = {{CASA Consortium}},
    title = "{CASA: Common Astronomy Software Applications}",
howpublished = {Astrophysics Source Code Library, record ascl:1107.013},
     year = 2011,
    month = jul,
archivePrefix = "ascl",
   eprint = {1107.013},
   adsurl = {http://adsabs.harvard.edu/abs/2011ascl.soft07013I},
  adsnote = {Provided by the SAO/NASA Astrophysics Data System}
}

@Article{Norris2013,
  Title                    = {{Radio Continuum Surveys with Square Kilometre Array Pathfinders}},
  Author                   = {{Norris}, R.~P. and {Afonso}, J. and {Bacon}, D. and {Beck}, R. and {Bell}, M. and {Beswick}, R.~J. and {Best}, P. and {Bhatnagar}, S. and {Bonafede}, A. and {Brunetti}, G. and {Budav{\'a}ri}, T. and {Cassano}, R. and {Condon}, J.~J. and {Cress}, C. and {Dabbech}, A. and {Feain}, I. and {Fender}, R. and {Ferrari}, C. and {Gaensler}, B.~M. and {Giovannini}, G. and {Haverkorn}, M. and {Heald}, G. and {Van der Heyden}, K. and {Hopkins}, A.~M. and {Jarvis}, M. and {Johnston-Hollitt}, M. and {Kothes}, R. and {Van Langevelde}, H. and {Lazio}, J. and {Mao}, M.~Y. and {Mart{\'{\i}}nez-Sansigre}, A. and {Mary}, D. and {Mcalpine}, K. and {Middelberg}, E. and {Murphy}, E. and {Padovani}, P. and {Paragi}, Z. and {Prandoni}, I. and {Raccanelli}, A. and {Rigby}, E. and {Roseboom}, I.~G. and {R{\"o}ttgering}, H. and {Sabater}, J. and {Salvato}, M. and {Scaife}, A.~M.~M. and {Schilizzi}, R. and {Seymour}, N. and {Smith}, D.~J.~B. and {Umana}, G. and {Zhao}, G.-B. and {Zinn}, P.-C. },
  Journal                  = {pasa},
  Year                     = {2013},

  Month                    = mar,
  Pages                    = {20},
  Volume                   = {30},

  Adsnote                  = {Provided by the SAO/NASA Astrophysics Data System},
  Adsurl                   = {http://adsabs.harvard.edu/abs/2013PASA...30...20N},
  Archiveprefix            = {arXiv},
  Doi                      = {10.1017/pas.2012.020},
  Eid                      = {e020},
  Eprint                   = {1210.7521},
  Keywords                 = {radiotelescopes, surveys, galaxy evolution, cosmology},
  Primaryclass             = {astro-ph.CO}
}

@Misc{Sault2011,
  Title                    = {{MIRIAD: Multi-channel Image Reconstruction, Image Analysis, and Display}},

  Author                   = {{Sault}, R.~J. and {Teuben}, P.~J. and {Wright}, M.~C.~H.},
  HowPublished             = {Astrophysics Source Code Library, record ascl:1106.007},
  Month                    = jun,
  Year                     = {2011},

  Adsnote                  = {Provided by the SAO/NASA Astrophysics Data System},
  Adsurl                   = {http://adsabs.harvard.edu/abs/2011ascl.soft06007S},
  Archiveprefix            = {ascl},
  Eprint                   = {1106.007},
  Url                      = {http://ascl.net/1106.007}
}

@InProceedings{Sault1995,
  Title                    = {A Retrospective View of MIRIAD},
  Author                   = {Sault, R. J. and Teuben, P. J. and Wright, M. C. H. and Payne, H. E. and Hayes, J. J. E.},
  Booktitle                = {Astronomical Data Analysis Software and Systems IV},
  Year                     = {1995},
  Editor                   = {Shaw, R. A.},
  Pages                    = {433},
  Volume                   = {77},

  Abstract                 = {Miriad is a radio interferometry data-reduction package, designed for taking raw data through to the image analysis stage. The Miriad project, begun in 1988, is now middle-aged. With the wisdom of hindsight, we review design decisions and some of Miriad's characteristics.},
  Comment                  = {http://adsabs.harvard.edu/abs/1995ASPC...77..433S},
  Date                     = {n/a 1, 1995},
  Owner                    = {ts3e11},
  Timestamp                = {2014.11.24}
}

@Article{Schwab1984,
  Title                    = {{Relaxing the isoplanatism assumption in self-calibration; applications to low-frequency radio interferometry}},
  Author                   = {{Schwab}, F.~R.},
  Journal                  = {aj},
  Year                     = {1984},

  Month                    = jul,
  Pages                    = {1076-1081},
  Volume                   = {89},

  Adsnote                  = {Provided by the SAO/NASA Astrophysics Data System},
  Adsurl                   = {http://adsabs.harvard.edu/abs/1984AJ.....89.1076S},
  Doi                      = {10.1086/113605},
  Keywords                 = {Calibrating, Low Frequencies, Radio Astronomy, Radio Interferometers, Correlation, Interpolation, Penalty Function}
}

@Article{Shamir2013,
  Title                    = {{Practices in source code sharing in astrophysics}},
  Author                   = {{Shamir}, L. and {Wallin}, J.~F. and {Allen}, A. and {Berriman}, B. and {Teuben}, P. and {Nemiroff}, R.~J. and {Mink}, J. and {Hanisch}, R.~J. and {DuPrie}, K.},
  Journal                  = {Astronomy and Computing},
  Year                     = {2013},

  Month                    = feb,
  Pages                    = {54-58},
  Volume                   = {1},

  Adsnote                  = {Provided by the SAO/NASA Astrophysics Data System},
  Adsurl                   = {http://adsabs.harvard.edu/abs/2013A%26C.....1...54S},
  Archiveprefix            = {arXiv},
  Doi                      = {10.1016/j.ascom.2013.04.001},
  Eprint                   = {1304.6780},
  Primaryclass             = {astro-ph.IM}
}

@Article{Staley2013,
  Title                    = {{Automated rapid follow-up of Swift gamma-ray burst alerts at 15 GHz with the AMI Large Array}},
  Author                   = {{Staley}, T.~D. and {Titterington}, D.~J. and {Fender}, R.~P. and {Swinbank}, J.~D. and {van der Horst}, A.~J. and {Rowlinson}, A. and {Scaife}, A.~M.~M. and {Grainge}, K.~J.~B. and {Pooley}, G.~G. },
  Journal                  = {MNRAS},
  Year                     = {2013},

  Month                    = feb,
  Pages                    = {3114-3120},
  Volume                   = {428},

  Adsnote                  = {Provided by the SAO/NASA Astrophysics Data System},
  Adsurl                   = {http://ukads.nottingham.ac.uk/abs/2013MNRAS.428.3114S},
  Archiveprefix            = {arXiv},
  Doi                      = {10.1093/mnras/sts259},
  Eprint                   = {1211.3115},
  Keywords                 = {instrumentation: interferometers, methods: miscellaneous, methods: observational, virtual observatory tools, gamma-ray burst: general},
  Primaryclass             = {astro-ph.HE}
}

@Article{Stappers2013,
  Title                    = {{The square kilometre array and the transient universe}},
  Author                   = {{Stappers}, B.~W.},
  Journal                  = {Royal Society of London Philosophical Transactions Series A},
  Year                     = {2013},

  Month                    = apr,
  Pages                    = {20284},
  Volume                   = {371},

  Adsnote                  = {Provided by the SAO/NASA Astrophysics Data System},
  Adsurl                   = {http://ukads.nottingham.ac.uk/abs/2013RSPTA.37120284S},
  Doi                      = {10.1098/rsta.2012.0284}
}

@Article{Swinbank2015,
  author = {{Swinbank}, J.~D. and {Staley}, T.~D. and {Molenaar}, G.~J. and 
	{Rol}, E. and {Rowlinson}, A. and {Scheers}, B. and {Spreeuw}, H. and 
	{Bell}, M.~E. and {Broderick}, J.~W. and {Carbone}, D. and {van der Horst}, A.~J. and 
	{Law}, C.~J. and {Wise}, M. and {Breton}, R.~P. and {Cendes}, Y. and 
	{Corbel}, S. and {Eisl{\"o}ffel}, J. and {Falcke}, H. and {Fender}, R. and 
	{Grei{\ss}meier}, J.-M. and {Hessels}, J.~W.~T. and {Stappers}, B.~W. and 
	{Stewart}, A.~J. and {Wijers}, R.~A.~M.~J. and {Wijnands}, R. and 
	{Zarka}, P.},
    title = "{The LOFAR Transients Pipeline}",
  journal = {ArXiv e-prints},
archivePrefix = "arXiv",
   eprint = {1503.01526},
 primaryClass = "astro-ph.IM",
 keywords = {Astrophysics - Instrumentation and Methods for Astrophysics},
     year = 2015,
    month = mar,
   adsurl = {http://adsabs.harvard.edu/abs/2015arXiv150301526S},
  adsnote = {Provided by the SAO/NASA Astrophysics Data System}
}

@MISC{Trap2014,
   author = {{TraP contributors}},
    title = "{TraP: Transients discovery pipeline for image-plane surveys}",
howpublished = {Astrophysics Source Code Library, record ascl:1412.011},
     year = 2014,
    month = dec,
archivePrefix = "ascl",
   eprint = {1412.011},
   adsurl = {http://adsabs.harvard.edu/abs/2014ascl.soft12011T},
  adsnote = {Provided by the SAO/NASA Astrophysics Data System}
}



@Article{vanHaarlem2013,
  Title                    = {{LOFAR: The LOw-Frequency ARray}},
  Author                   = {{van Haarlem}, M.~P. and {Wise}, M.~W. and {Gunst}, A.~W. and {Heald}, G. and {McKean}, J.~P. and {Hessels}, J.~W.~T. and {de Bruyn}, A.~G. and {Nijboer}, R. and {Swinbank}, J. and {Fallows}, R. and {Brentjens}, M. and {Nelles}, A. and {Beck}, R. and {Falcke}, H. and {Fender}, R. and {H{\"o}randel}, J. and {Koopmans}, L.~V.~E. and {Mann}, G. and {Miley}, G. and {R{\"o}ttgering}, H. and {Stappers}, B.~W. and {Wijers}, R.~A.~M.~J. and {Zaroubi}, S. and {van den Akker}, M. and {Alexov}, A. and {Anderson}, J. and {Anderson}, K. and {van Ardenne}, A. and {Arts}, M. and {Asgekar}, A. and {Avruch}, I.~M. and {Batejat}, F. and {B{\"a}hren}, L. and {Bell}, M.~E. and {Bell}, M.~R. and {van Bemmel}, I. and {Bennema}, P. and {Bentum}, M.~J. and {Bernardi}, G. and {Best}, P. and {B{\^i}rzan}, L. and {Bonafede}, A. and {Boonstra}, A.-J. and {Braun}, R. and {Bregman}, J. and {Breitling}, F. and {van de Brink}, R.~H. and {Broderick}, J. and {Broekema}, P.~C. and {Brouw}, W.~N. and {Br{\"u}ggen}, M. and {Butcher}, H.~R. and {van Cappellen}, W. and {Ciardi}, B. and {Coenen}, T. and {Conway}, J. and {Coolen}, A. and {Corstanje}, A. and {Damstra}, S. and {Davies}, O. and {Deller}, A.~T. and {Dettmar}, R.-J. and {van Diepen}, G. and {Dijkstra}, K. and {Donker}, P. and {Doorduin}, A. and {Dromer}, J. and {Drost}, M. and {van Duin}, A. and {Eisl{\"o}ffel}, J. and {van Enst}, J. and {Ferrari}, C. and {Frieswijk}, W. and {Gankema}, H. and {Garrett}, M.~A. and {de Gasperin}, F. and {Gerbers}, M. and {de Geus}, E. and {Grie{\ss}meier}, J.-M. and {Grit}, T. and {Gruppen}, P. and {Hamaker}, J.~P. and {Hassall}, T. and {Hoeft}, M. and {Holties}, H.~A. and {Horneffer}, A. and {van der Horst}, A. and {van Houwelingen}, A. and {Huijgen}, A. and {Iacobelli}, M. and {Intema}, H. and {Jackson}, N. and {Jelic}, V. and {de Jong}, A. and {Juette}, E. and {Kant}, D. and {Karastergiou}, A. and {Koers}, A. and {Kollen}, H. and {Kondratiev}, V.~I. and {Kooistra}, E. and {Koopman}, Y. and {Koster}, A. and {Kuniyoshi}, M. and {Kramer}, M. and {Kuper}, G. and {Lambropoulos}, P. and {Law}, C. and {van Leeuwen}, J. and {Lemaitre}, J. and {Loose}, M. and {Maat}, P. and {Macario}, G. and {Markoff}, S. and {Masters}, J. and {McFadden}, R.~A. and {McKay-Bukowski}, D. and {Meijering}, H. and {Meulman}, H. and {Mevius}, M. and {Middelberg}, E. and {Millenaar}, R. and {Miller-Jones}, J.~C.~A. and {Mohan}, R.~N. and {Mol}, J.~D. and {Morawietz}, J. and {Morganti}, R. and {Mulcahy}, D.~D. and {Mulder}, E. and {Munk}, H. and {Nieuwenhuis}, L. and {van Nieuwpoort}, R. and {Noordam}, J.~E. and {Norden}, M. and {Noutsos}, A. and {Offringa}, A.~R. and {Olofsson}, H. and {Omar}, A. and {Orr{\'u}}, E. and {Overeem}, R. and {Paas}, H. and {Pandey-Pommier}, M. and {Pandey}, V.~N. and {Pizzo}, R. and {Polatidis}, A. and {Rafferty}, D. and {Rawlings}, S. and {Reich}, W. and {de Reijer}, J.-P. and {Reitsma}, J. and {Renting}, G.~A. and {Riemers}, P. and {Rol}, E. and {Romein}, J.~W. and {Roosjen}, J. and {Ruiter}, M. and {Scaife}, A. and {van der Schaaf}, K. and {Scheers}, B. and {Schellart}, P. and {Schoenmakers}, A. and {Schoonderbeek}, G. and {Serylak}, M. and {Shulevski}, A. and {Sluman}, J. and {Smirnov}, O. and {Sobey}, C. and {Spreeuw}, H. and {Steinmetz}, M. and {Sterks}, C.~G.~M. and {Stiepel}, H.-J. and {Stuurwold}, K. and {Tagger}, M. and {Tang}, Y. and {Tasse}, C. and {Thomas}, I. and {Thoudam}, S. and {Toribio}, M.~C. and {van der Tol}, B. and {Usov}, O. and {van Veelen}, M. and {van der Veen}, A.-J. and {ter Veen}, S. and {Verbiest}, J.~P.~W. and {Vermeulen}, R. and {Vermaas}, N. and {Vocks}, C. and {Vogt}, C. and {de Vos}, M. and {van der Wal}, E. and {van Weeren}, R. and {Weggemans}, H. and {Weltevrede}, P. and {White}, S. and {Wijnholds}, S.~J. and {Wilhelmsson}, T. and {Wucknitz}, O. and {Yatawatta}, S. and {Zarka}, P. and {Zensus}, A. and {van Zwieten}, J.},
  Journal                  = {AAP},
  Year                     = {2013},

  Month                    = aug,
  Pages                    = {A2},
  Volume                   = {556},

  __markedentry            = {[staley:6]},
  Adsnote                  = {Provided by the SAO/NASA Astrophysics Data System},
  Adsurl                   = {http://adsabs.harvard.edu/abs/2013A%26A...556A...2V},
  Archiveprefix            = {arXiv},
  Doi                      = {10.1051/0004-6361/201220873},
  Eid                      = {A2},
  Eprint                   = {1305.3550},
  Keywords                 = {instrumentation: interferometers, radio continuum: general, radio lines: general, dark ages, reionization, first stars, telescopes},
  Owner                    = {staley},
  Primaryclass             = {astro-ph.IM},
  Timestamp                = {2014.12.04}
}

@Article{Williams2012,
  Title                    = {{Rapid Development of Interferometric Software Using MIRIAD and Python}},
  Author                   = {{Williams}, P.~K.~G. and {Law}, C.~J. and {Bower}, G.~C.},
  Journal                  = {PASP},
  Year                     = {2012},

  Month                    = jun,
  Pages                    = {624-636},
  Volume                   = {124},

  Adsnote                  = {Provided by the SAO/NASA Astrophysics Data System},
  Adsurl                   = {http://adsabs.harvard.edu/abs/2012PASP..124..624W},
  Archiveprefix            = {arXiv},
  Comment                  = {http://ukads.nottingham.ac.uk/abs/2012PASP..124..624W},
  Doi                      = {10.1086/666604},
  Eprint                   = {1203.0330},
  Keywords                 = {Data Analysis and Techniques},
  Owner                    = {ts3e11},
  Primaryclass             = {astro-ph.IM},
  Timestamp                = {2014.11.20}
}

@Article{Zwart2008,
  Title                    = {{The Arcminute Microkelvin Imager}},
  Author                   = {{Zwart}, J.~T.~L. and {Barker}, R.~W. and {Biddulph}, P. and {Bly}, D. and {Boysen}, R.~C. and {Brown}, A.~R. and {Clementson}, C. and {Crofts}, M. and {Culverhouse}, T.~L. and {Czeres}, J. and {Dace}, R.~J. and {Davies}, M.~L. and {D'Alessandro}, R. and {Doherty}, P. and {Duggan}, K. and {Ely}, J.~A. and {Felvus}, M. and {Feroz}, F. and {Flynn}, W. and {Franzen}, T.~M.~O. and {Geisb{\"u}sch}, J. and {G{\'e}nova-Santos}, R. and {Grainge}, K.~J.~B. and {Grainger}, W.~F. and {Hammett}, D. and {Hills}, R.~E. and {Hobson}, M.~P. and {Holler}, C.~M. and {Hurley-Walker}, N. and {Jilley}, R. and {Jones}, M.~E. and {Kaneko}, T. and {Kneissl}, R. and {Lancaster}, K. and {Lasenby}, A.~N. and {Marshall}, P.~J. and {Newton}, F. and {Norris}, O. and {Northrop}, I. and {Odell}, D.~M. and {Petencin}, G. and {Pober}, J.~C. and {Pooley}, G.~G. and {Pospieszalski}, M.~W. and {Quy}, V. and {Rodr{\'{\i}}guez-Gonz{\'a}lvez}, C. and {Saunders}, R.~D.~E. and {Scaife}, A.~M.~M. and {Schofield}, J. and {Scott}, P.~F. and {Shaw}, C. and {Shimwell}, T.~W. and {Smith}, H. and {Taylor}, A.~C. and {Titterington}, D.~J. and {Veli{\'c}}, M. and {Waldram}, E.~M. and {West}, S. and {Wood}, B.~A. and {Yassin}, G. and {AMI Consortium}},
  Journal                  = {MNRAS},
  Year                     = {2008},

  Month                    = dec,
  Pages                    = {1545-1558},
  Volume                   = {391},

  Adsnote                  = {Provided by the SAO/NASA Astrophysics Data System},
  Adsurl                   = {http://ukads.nottingham.ac.uk/abs/2008MNRAS.391.1545Z},
  Archiveprefix            = {arXiv},
  Doi                      = {10.1111/j.1365-2966.2008.13953.x},
  Eprint                   = {0807.2469},
  Keywords                 = {instrumentation: interferometers , telescopes , galaxies: clusters: general , cosmic microwave background , cosmology: observations , radio continuum: general},
  Owner                    = {ts3e11},
  Timestamp                = {2014.11.28}
}

